@misc{Zlaw.Bank:2003,
	title = "中华人民共和国商业银行法",
	author = "全国人民代表大会",
	year = "2003",
	month = "12",
	note = "根据2003年12月27日第十届全国人民代表大会常务委员会第六次会议《关于修改〈中华人民共和国商业银行法〉的决定》修正",
	language = "zh",
  TypeofLit = "S"
},

%GBT7714-2005NLang
@book{J.C.Hall:2001,
  title = "Risk Management and Financial Institutions",
  author = "John C. Hull",
  publisher = "机械工业出版社",
  address = "北京",
  year = "2001",
  edition = "原书第2版"
},

@book{G.M.Zheng:2012,
  title = "中国金融业混业经营的路径选择",
  author = "郑明高",
  publisher = "中国经济出版社",
  address = "北京",
  year = "2012",
  language = "zh"
},  

@misc{GB4086.1:83,
  title = "统计分布数值表正态分布",
  author = "中华人民共和国国家标准",
  year = "1983",
  note = "GB 4086.1-83",
  TypeofLit = "S"
},

@book{Center.Bank:2007,
  title = "金融知识国民读本",
  author = "中国人民银行",
  publisher = "中国金融出版社",
  address = "北京",
  year = "2007",
  language = "zh"
},  
@misc{EOF}
